@article{lz77,
    author              = {Jacob Ziv{,} Abraham Lempel},
    title               = {A universal algorithm for sequential data compression},
    journal             = {Information Theory, IEEE Transactions},
    volume              = {23},
    issue               = {3},
    pages               = {337--343},
    month               = {May},
    year                = {1977},
    ISSN                = {0018-9448},
    doi                 = {10.1109/TIT.1977.1055714},
    publisher           = {IEEE},
    url                 = {http://ieeexplore.ieee.org/xpl/articleDetails.jsp?arnumber=1055714}
}

@article{huffman,
    author              = {David A. Huffman},
    title               = {A Method for the Construction of Minimum-Redundancy Codes},
    journal             = {Proceedings of the IEEE},
    volume              = {40},
    issue               = {9},
    pages               = {1098--1101},
    month               = {September},
    year                = {1952},
    ISSN                = {0096-8390},
    doi                 = {10.1109/JRPROC.1952.273898},
    publisher           = {IEEE},
    url                 = {http://ieeexplore.ieee.org/xpl/articleDetails.jsp?arnumber=4051119}
}

@manual{tls12,
    author              = {Tim Dierks{,} Eric Rescorla},
    title               = {The Transport Layer Security (TLS) Protocol Version 1.2},
    month               = {August},
    year                = {2008},
    publisher           = {IETF},
    url                 = {https://tools.ietf.org/html/rfc5246}
}

@manual{compression_attacks,
    author              = {Yaron Sheffer Porticor{,} Ralph Holz{,} Peter Saint-Andre},
    title               = {Summarizing Known Attacks on Transport Layer Security (TLS) and Datagram TLS (DTLS)},
    month               = {February},
    year                = {2015},
    publisher           = {IETF},
    url                 = {https://tools.ietf.org/html/rfc7457}
}

@manual{rc4_prohibit,
    author              = {Andrei Popov},
    title               = {Prohibiting RC4 Cipher Suites},
    month               = {February},
    year                = {2015},
    publisher           = {ETF},
    url                 = {https://tools.ietf.org/html/rfc7465}
}

@manual{breach,
    author              = {Yoel Gluck{,} Neal Harris{,} Angelo Prado},
    title               = {BREACH: Reviving the CRIME attack},
    year                = {2013},
    publisher           = {Black Hat USA},
    url                 = {http://breachattack.com}
}

@manual{crime,
    author              = {Juliano Rizzo{,} Thai Duong},
    title               = {The CRIME attack},
    month               = {September},
    year                = {2012},
    conference          = {ekoparty},
    url                 = {https://docs.google.com/presentation/d/11eBmGiHbYcHR9gL5nDyZChu_-lCa2GizeuOfaLU2HOU/edit#slide=id.g1d134dff_1_222},
}


@manual{karakostas,
    author              = {Dimitris Karakostas},
    title               = {Probabilistic attacks against compressed encrypted protocols},
    month               = {January},
    year                = {2016},
    url                 = {https://github.com/dimkarakostas/breach/blob/master/thesis/thesis.pdf},
}


@manual{poodle,
    author              = {Bodo Moller{,} Thai Duong{,} Krzysztof Kotowicz},
    title               = {This POODLE Bites: Exploiting The SSL 3.0 Fallback},
    month               = {September},
    year                = {2014},
    publisher           = {Google},
    url                 = {https://www.openssl.org/~bodo/ssl-poodle.pdf},
}

@manual{aes,
    author              = {NIST},
    type                = {FIPS PUBS},
    title               = {Announcing the Advanced Encryption Standard (AES)},
    month               = {November},
    year                = {2001},
    url                 = {http://csrc.nist.gov/publications/fips/fips197/fips-197.pdf},
}

@manual{arp,
    author              = {David C. Plummer},
    title               = {An Ethernet Address Resolution Protocol},
    month               = {November},
    year                = {1982},
    url                 = {http://csrc.nist.gov/publications/fips/fips197/fips-197.pdf},
}

@manual{karakostas,
    author              = {Dimitris Karakostas},
    title               = {Statistical attacks in compressed encrypted protocols},
    month               = {January},
    year                = {2016},
    url                 = {https://github.com/dimkarakostas/breach/blob/master/thesis/thesis.pdf},
}
@manual{sameoriginpolicymdn,
    author = {(online) URL: \url{https://developer.mozilla.org/en-US/docs/Web/Security/Same-origin_policy}},
}

@manual{csrfowasp,
    author = {(online) URL: \url{https://www.owasp.org/index.php/Cross-Site_Request_Forgery_(CSRF)}},
}

@manual{xssowasp,
    author = {(online) URL: \url{https://www.owasp.org/index.php/Cross-site_Scripting_(XSS)}},
}

@link{bettercap,
    title = {(online) URL: \url{https://www.bettercap.org}},
}

@link{scapy,
    title = {(online) URL: \url{http://www.secdev.org/projects/scapy/}}
},

@manual{arpspoofing,
    author = {(online) URL: \url{https://en.wikipedia.org/wiki/ARP_spoofing}},
}
@manual{rc4,
    author = {(online) URL: \url{https://en.wikipedia.org/wiki/RC4}},
}
===============================================================================================

BiBteX Entries:

link{,
    title               = {},
}

article{,
    author              = {},
    title               = {},
    journal             = {},
    volume              = {},
    issue               = {},
    pages               = {},
    month               = {},
    year                = {},
    ISSN                = {},
    doi                 = {},
    publisher           = {},
    url                 = {},
}

memo{,
    author              = {},
    title               = {},
    month               = {},
    year                = {},
    publisher           = {},
    url                 = {},
}

misc{,
    author              = {},
    title               = {},
    month               = {},
    year                = {},
    publisher           = {},
    url                 = {},
}

standard{,
    author              = {},
    type                = {},
    title               = {},
    month               = {},
    year                = {},
    url                 = {},
}

presentation{,
    author              = {},
    title               = {},
    month               = {},
    year                = {},
    conference          = {},
    url                 = {},
}

